%% This BibTeX bibliography file was created using BibDesk.
%% http://bibdesk.sourceforge.net/


%% Created for Peter Weilnb√∂ck at 2015-03-24 20:13:29 +0100 


%% Saved with string encoding Unicode (UTF-8) 



@article{adaptive-wang-landau,
	Author = {Bornn, Luke and Jacob, Pierre E. and Moral, Pierre Del and Doucet, Arnaud},
	Date-Added = {2015-03-24 19:09:54 +0000},
	Date-Modified = {2015-03-24 19:13:12 +0000},
	Journal = {arXiv},
	Month = {June},
	Number = {3829v3},
	Title = {An Adaptive Interacting Wang-Landau Algorithm for Automatic Density Exploration},
	Volume = {1109},
	Year = {2012}}

@article{wang-landau2,
	Author = {Landau, David P. and Tsai, Shan-Ho and Exler, M.},
	Date-Added = {2014-10-14 17:48:47 +0000},
	Date-Modified = {2014-10-14 17:57:15 +0000},
	Journal = {American Physics Journal},
	Month = {October},
	Number = {10},
	Pages = {1294--1302},
	Title = {A new approach to Monte Carlo simulations in statistical physics: Wang-Landau sampling},
	Volume = {72},
	Year = {2004}}

@article{wang-landau,
	Author = {Wang, Fugao and Landau, David P.},
	Date-Added = {2014-10-14 17:31:59 +0000},
	Date-Modified = {2014-10-14 17:56:32 +0000},
	Journal = {Physical Review Letters},
	Month = {March},
	Number = {10},
	Pages = {2050--2053},
	Title = {Efficient, Multiple-Range Random Walk Algorithm to Calculate the Density of States},
	Volume = {86},
	Year = {2001}}

@book{stat-field-theo,
	Annote = {F{\"u}r Exakte L{\"o}sung},
	Author = {Itzykson, Claude and Drouffe, Jean-Michael},
	Date-Added = {2014-10-14 17:27:15 +0000},
	Date-Modified = {2014-10-14 17:31:19 +0000},
	Publisher = {Cambridge University Press},
	Title = {Statistical Field Theory},
	Volume = {1},
	Year = {1989}}
